<?xml version="1.0" encoding="UTF-8"?><collection xmlns="http://www.loc.gov/MARC21/slim"><record><leader>00413nam--2200133-i-4500</leader><controlfield tag="001">000005804</controlfield><controlfield tag="002">20161230</controlfield><controlfield tag="005">20161230201026</controlfield><controlfield tag="008">060222s1000------------r-----000-0-eng-d</controlfield><datafield ind1=" " ind2=" " tag="100"><subfield code="a">Barber, N.F</subfield></datafield><datafield ind1=" " ind2=" " tag="245"><subfield code="a">Experimental correlograms and fourier trans forms</subfield></datafield><datafield ind1=" " ind2=" " tag="260"><subfield code="a">New York, Pergamon Press, 1961. 136 P</subfield></datafield><datafield ind1=" " ind2=" " tag="490"><subfield code="a">International Tracts In Computer Science And Technology And Their Application</subfield></datafield><datafield ind1=" " ind2=" " tag="852"><subfield code="a">16570</subfield></datafield></record></collection>